<record><leader>00000cas a22000007a 4500</leader><controlfield tag="001">7090630</controlfield><controlfield tag="008">810129d183518uuohuwr ne      0    0eng d</controlfield><datafield ind1=" " ind2=" " tag="010"><subfield code="a">sn 85054173 </subfield></datafield><datafield ind1=" " ind2=" " tag="040"><subfield code="a">TOL</subfield><subfield code="b">eng</subfield><subfield code="c">TOL</subfield><subfield code="d">NYG</subfield><subfield code="d">NPX</subfield><subfield code="d">DLC</subfield><subfield code="d">NPI</subfield><subfield code="d">ONP</subfield><subfield code="d">MGN</subfield><subfield code="d">ONP</subfield><subfield code="d">NVF</subfield><subfield code="d">OCL</subfield><subfield code="d">OCLCF</subfield><subfield code="d">OCLCO</subfield></datafield><datafield ind1="1" ind2=" " tag="029"><subfield code="a">AU@</subfield><subfield code="b">000025795667</subfield></datafield><datafield ind1=" " ind2=" " tag="042"><subfield code="a">msc</subfield></datafield><datafield ind1="0" ind2="0" tag="050"><subfield code="a">Newspaper 9214-X</subfield></datafield><datafield ind1="0" ind2=" " tag="130"><subfield code="a">Toledo blade (Toledo, Ohio : 1835)</subfield></datafield><datafield ind1="0" ind2="0" tag="245"><subfield code="a">Toledo blade.</subfield></datafield><datafield ind1=" " ind2=" " tag="260"><subfield code="a">Toledo, Lucas County, Ohio :</subfield><subfield code="b">Way &amp; Everett,</subfield><subfield code="c">1835-</subfield></datafield><datafield ind1=" " ind2=" " tag="300"><subfield code="a">v.</subfield></datafield><datafield ind1=" " ind2=" " tag="310"><subfield code="a">Weekly</subfield></datafield><datafield ind1="0" ind2=" " tag="362"><subfield code="a">Vol. 1, no. 1 (Dec. 19, 1835)-</subfield></datafield><datafield ind1=" " ind2=" " tag="500"><subfield code="a">Publishers: Fairbanks &amp; Willard, &lt;1837&gt;; A.W. Willard, &lt;1838&gt;; A.W. Fairbanks, &lt;1840&gt;; Edward A. Graves, &lt;1842&gt;; A.W. Fairbanks &amp; Co., &lt;1848&gt;; Hosmer, Andrews &amp; Co., &lt;1852-1853&gt;.</subfield></datafield><datafield ind1=" " ind2=" " tag="500"><subfield code="a">Whig, &lt;1837-1853&gt;.</subfield></datafield><datafield ind1=" " ind2=" " tag="580"><subfield code="a">Daily eds.: Toledo blade (Toledo, Ohio : 1848), 1848-1849, and: Daily Toledo blade, 1849-1862.</subfield></datafield><datafield ind1=" " ind2=" " tag="580"><subfield code="a">Triweekly ed.: Toledo blade (Toledo, Ohio : 1846), 1846-&lt;1854&gt;.</subfield></datafield><datafield ind1=" " ind2="0" tag="651"><subfield code="a">Toledo (Ohio)</subfield><subfield code="v">Newspapers.</subfield></datafield><datafield ind1=" " ind2="0" tag="651"><subfield code="a">Lucas County (Ohio)</subfield><subfield code="v">Newspapers.</subfield></datafield><datafield ind1=" " ind2="7" tag="655"><subfield code="a">Newspapers.</subfield><subfield code="2">fast</subfield><subfield code="0">(OCoLC)fst01423814</subfield></datafield><datafield ind1=" " ind2="7" tag="651"><subfield code="a">Ohio</subfield><subfield code="z">Lucas County.</subfield><subfield code="2">fast</subfield><subfield code="0">(OCoLC)fst01208887</subfield></datafield><datafield ind1=" " ind2="7" tag="651"><subfield code="a">Ohio</subfield><subfield code="z">Toledo.</subfield><subfield code="2">fast</subfield><subfield code="0">(OCoLC)fst01211740</subfield></datafield><datafield ind1=" " ind2=" " tag="752"><subfield code="a">United States</subfield><subfield code="b">Ohio</subfield><subfield code="c">Lucas</subfield><subfield code="d">Toledo.</subfield></datafield><datafield ind1="1" ind2=" " tag="775"><subfield code="t">Toledo blade (Toledo, Ohio : 1848)</subfield><subfield code="w">(DLC)sn 85042920</subfield></datafield><datafield ind1="1" ind2=" " tag="775"><subfield code="t">Daily Toledo blade</subfield><subfield code="w">(DLC)sn 85026286</subfield></datafield><datafield ind1="1" ind2=" " tag="775"><subfield code="t">Toledo blade (Toledo, Ohio : 1846)</subfield><subfield code="w">(DLC)sn 85026284</subfield></datafield><datafield ind1="0" ind2="0" tag="785"><subfield code="t">Toledo weekly blade</subfield><subfield code="w">(DLC)sn 85026290</subfield></datafield></record>